<record><leader>00000cas a2200000 a 4500</leader><controlfield tag="001">12200973</controlfield><controlfield tag="008">850626d18931893ksuwr ne      0    0eng d</controlfield><datafield ind1=" " ind2=" " tag="010"><subfield code="a">sn 85031376 </subfield></datafield><datafield ind1=" " ind2=" " tag="040"><subfield code="a">KSH</subfield><subfield code="b">eng</subfield><subfield code="c">KSH</subfield><subfield code="d">NPT</subfield><subfield code="d">OCL</subfield><subfield code="d">OCLCQ</subfield></datafield><datafield ind1=" " ind2=" " tag="042"><subfield code="a">msc</subfield></datafield><datafield ind1="0" ind2="0" tag="245"><subfield code="a">Republican-plaindealer.</subfield></datafield><datafield ind1=" " ind2=" " tag="260"><subfield code="a">Cherryvale, Kan. :</subfield><subfield code="b">D.R. Neville,</subfield><subfield code="c">1893.</subfield></datafield><datafield ind1=" " ind2=" " tag="300"><subfield code="a">1 v. ;</subfield><subfield code="c">59 cm.</subfield></datafield><datafield ind1=" " ind2=" " tag="310"><subfield code="a">Weekly</subfield></datafield><datafield ind1="0" ind2=" " tag="362"><subfield code="a">Vol. 1, no. 19 (Jan. 20, 1893)-v. 1, no. 43 (July 7, 1893).</subfield></datafield><datafield ind1=" " ind2=" " tag="500"><subfield code="a">"To be progressive is to be a republican."</subfield></datafield><datafield ind1=" " ind2=" " tag="752"><subfield code="a">United States</subfield><subfield code="b">Kansas</subfield><subfield code="c">Montgomery</subfield><subfield code="d">Cherryvale.</subfield></datafield><datafield ind1="0" ind2="0" tag="780"><subfield code="t">People's party plaindealer</subfield><subfield code="w">(DLC)sn 85030437</subfield></datafield><datafield ind1="0" ind2="4" tag="785"><subfield code="t">Cherryvale republican (Cherryvale, Kan. : 1886)</subfield><subfield code="w">(DLC)sn 85031356</subfield></datafield></record>